@online{thales,
  author       = {Thales Group},
  title        = {Hardware-Sicherheitsmodule},
  year         = {2024},
  url          = {https://cpl.thalesgroup.com/de/encryption/hardware-security-modules},
}
@online{yubi,
  author       = {Yubico},
  title        = {YubiHSM 2 FIPS},
  year         = {2024},
  url          = {https://www.yubico.com/de/product/yubihsm-2-series/yubihsm-2-fips},
}
@online{cloudflare,
  author       = {CloudFlare},
  title        = {How do lava lamps help with Internet encryption?},
  year         = {2024},
  url          = {https://www.cloudflare.com/en-gb/learning/ssl/lava-lamp-encryption/},
}